@online{MNIST_DVS,
  author = {Teresa Serrano-Gotarredona and Bernabé Linares-Barranco},
  title = {Poker-DVS and MNIST-DVS. Their History, How They Were Made, and Other Details},
  url = {https://www.frontiersin.org/articles/10.3389/fnins.2015.00481/full},
  urldate = {2017-12-19},
}

@online{baza,
  author = {Teresa Serrano-Gotarredona and Bernabé Linares-Barranco},
  title = {Poker-DVS and MNIST-DVS. Their History, How They Were Made, and Other Details},
  url = {https://www.frontiersin.org/articles/10.3389/fnins.2015.00481/full},
  urldate = {2017-12-19},
}

@online{baza_down,
  author = {Teresa Serrano-Gotarredona},
  title = {MNIST$\_$DVS},
  url={http://www2.imse-cnm.csic.es/caviar/MNIST_DVS/},
  urldate = {2017-12-19},
}

@online{wymagania_Matlab,
  title = {System Requirements - Release 2017b},
  url={https://www.mathworks.com/content/dam/mathworks/mathworks-dot-com/support/sysreq/files/SystemRequirements-Release2017a_SupportedCompilers.pdf/SystemRequirements-Release2017b_Windows.pdf},
  urldate = {2018-01-03},
}

@online{back,
  title = {Sieci neuronowe - uczenie.},
  url = {http://edu.pjwstk.edu.pl/wyklady/nai/scb/wyklad3/w3.htm},
  urldate = {2018-01-03},
}

@online{back2,
  author = {M. Czoków, J. Piersa},
  title = {Algorytm propagacji wstecznej},
  publisher = {Uniwersytet Mikołaja Kopernika w Toruniu},
  url={http://www-users.mat.umk.pl/~piersaj/www/contents/teaching/wsn2010/wsn-lec06-bep.pdf},
  urldate = {2018-01-05},
}

@online{deep,
  author = {Adrian Horzyk},
  title = {Uczenie głębokie i głębokie sieci neuronowe},
  url={http://home.agh.edu.pl/~horzyk/lectures/miw/MIW-DL.pdf},
  urldate = {2018-01-05},
}

@online{gui,
  author = {Howard Demuth, Mark Beale},
  title = {Neural Network Toolbox},
  publisher = {The MathWorks},
  url={http://cda.psych.uiuc.edu/matlab_pdf/nnet.pdf},
  urldate = {2018-01-05},
}

@online{funkcje,
  title = {Construct Deep Network Using Autoencoders},
  publisher = {The MathWorks},
  url={https://www.mathworks.com/help/nnet/ug/construct-deep-network-using-autoencoders.html},
  urldate = {2018-01-05},
}

@thesis{impuls,
author = {Bartłomej Dzieńkowski},
title = {Badanie możliwości wykorzystania impulsowej sieci neuronowej do symulacji żywych organizmów},
type = {Praca dyplomowa},
institution = {Politechnika Wrocławska},
year = {2010},
note = {URL: \url{ http://udkdev.net/portfolio/files/praca_dyplomowa.pdf  (term. wiz. 2018-01-06).}},
}

@thesis{impuls2,
author = {Beata Joanna Grzyb},
title = {Alternatywne modele neuronów i właściwości ich sieci},
type = {Praca magisterska},
institution = {Uniwersytet Marii Curie-Skłodowskiej w Lublinie},
year = {2007},
note = {URL: \url{ https://www3.uji.es/~grzyb/downloads/master-thesis.pdf  (term. wiz. 2018-01-06)}},
}