@online{MNIST_DVS,
  author = {Teresa Serrano-Gotarredona and Bernab√© Linares-Barranco},
  title = {Poker-DVS and MNIST-DVS. Their History, How They Were Made, and Other Details},
  url = {https://www.frontiersin.org/articles/10.3389/fnins.2015.00481/full},
  urldate = {2017-12-19},
}